[gd_scene load_steps=10 format=2]

[ext_resource path="res://scripts/track_select.gd" type="Script" id=1]
[ext_resource path="res://assets/tracks/0.png" type="Texture" id=2]
[ext_resource path="res://assets/tracks/1.svg" type="Texture" id=3]
[ext_resource path="res://assets/tracks/3.svg" type="Texture" id=4]
[ext_resource path="res://assets/tracks/4.svg" type="Texture" id=5]
[ext_resource path="res://assets/tracks/2.svg" type="Texture" id=6]
[ext_resource path="res://scenes/components/menu_clouds.tscn" type="PackedScene" id=7]

[sub_resource type="StyleBoxFlat" id=1]
bg_color = Color( 0.439216, 0.670588, 0.737255, 1 )

[sub_resource type="StyleBoxFlat" id=2]
bg_color = Color( 0.137255, 0.137255, 0.137255, 1 )

[node name="track_select" type="PanelContainer"]
anchor_right = 1.0
anchor_bottom = 1.0
custom_styles/panel = SubResource( 1 )
script = ExtResource( 1 )
__meta__ = {
"_edit_use_anchors_": false
}

[node name="menu_clouds" parent="." instance=ExtResource( 7 )]
anchor_right = 0.0
anchor_bottom = 0.0
margin_right = 1422.0
margin_bottom = 800.0

[node name="MarginContainer" type="MarginContainer" parent="."]
margin_right = 1422.0
margin_bottom = 800.0

[node name="CenterContainer" type="CenterContainer" parent="MarginContainer"]
margin_right = 1422.0
margin_bottom = 800.0

[node name="tracks" type="GridContainer" parent="MarginContainer/CenterContainer"]
margin_left = 251.0
margin_top = 320.0
margin_right = 1171.0
margin_bottom = 480.0
custom_constants/vseparation = 40
custom_constants/hseparation = 40
columns = 6

[node name="0" type="CenterContainer" parent="MarginContainer/CenterContainer/tracks"]
margin_right = 160.0
margin_bottom = 160.0

[node name="select" type="ColorRect" parent="MarginContainer/CenterContainer/tracks/0"]
margin_right = 160.0
margin_bottom = 160.0
rect_min_size = Vector2( 160, 160 )

[node name="panel" type="Panel" parent="MarginContainer/CenterContainer/tracks/0"]
margin_left = 5.0
margin_top = 5.0
margin_right = 155.0
margin_bottom = 155.0
rect_min_size = Vector2( 150, 150 )
size_flags_horizontal = 0
size_flags_vertical = 0
custom_styles/panel = SubResource( 2 )

[node name="TextureRect" type="TextureRect" parent="MarginContainer/CenterContainer/tracks/0/panel"]
margin_right = 2267.0
margin_bottom = 2267.0
rect_scale = Vector2( 0.0663917, 0.0663917 )
texture = ExtResource( 2 )
expand = true

[node name="1" type="CenterContainer" parent="MarginContainer/CenterContainer/tracks"]
margin_left = 200.0
margin_right = 350.0
margin_bottom = 160.0

[node name="select" type="ColorRect" parent="MarginContainer/CenterContainer/tracks/1"]
visible = false
margin_left = -5.0
margin_right = 155.0
margin_bottom = 160.0
rect_min_size = Vector2( 160, 160 )

[node name="panel" type="Panel" parent="MarginContainer/CenterContainer/tracks/1"]
margin_top = 5.0
margin_right = 150.0
margin_bottom = 155.0
rect_min_size = Vector2( 150, 150 )
size_flags_horizontal = 0
size_flags_vertical = 0
custom_styles/panel = SubResource( 2 )

[node name="TextureRect" type="TextureRect" parent="MarginContainer/CenterContainer/tracks/1/panel"]
margin_right = 2267.0
margin_bottom = 2267.0
rect_scale = Vector2( 0.0663917, 0.0663917 )
texture = ExtResource( 3 )

[node name="2" type="CenterContainer" parent="MarginContainer/CenterContainer/tracks"]
margin_left = 390.0
margin_right = 540.0
margin_bottom = 160.0

[node name="select" type="ColorRect" parent="MarginContainer/CenterContainer/tracks/2"]
visible = false
margin_left = -5.0
margin_right = 155.0
margin_bottom = 160.0
rect_min_size = Vector2( 160, 160 )

[node name="panel" type="Panel" parent="MarginContainer/CenterContainer/tracks/2"]
margin_top = 5.0
margin_right = 150.0
margin_bottom = 155.0
rect_min_size = Vector2( 150, 150 )
size_flags_horizontal = 0
size_flags_vertical = 0
custom_styles/panel = SubResource( 2 )

[node name="TextureRect" type="TextureRect" parent="MarginContainer/CenterContainer/tracks/2/panel"]
margin_right = 2267.0
margin_bottom = 2267.0
rect_scale = Vector2( 0.0663917, 0.0663917 )
texture = ExtResource( 6 )
expand = true
__meta__ = {
"_edit_use_anchors_": false
}

[node name="3" type="CenterContainer" parent="MarginContainer/CenterContainer/tracks"]
margin_left = 580.0
margin_right = 730.0
margin_bottom = 160.0

[node name="select" type="ColorRect" parent="MarginContainer/CenterContainer/tracks/3"]
visible = false
margin_left = -5.0
margin_right = 155.0
margin_bottom = 160.0
rect_min_size = Vector2( 160, 160 )

[node name="panel" type="Panel" parent="MarginContainer/CenterContainer/tracks/3"]
margin_top = 5.0
margin_right = 150.0
margin_bottom = 155.0
rect_min_size = Vector2( 150, 150 )
size_flags_horizontal = 0
size_flags_vertical = 0
custom_styles/panel = SubResource( 2 )

[node name="TextureRect" type="TextureRect" parent="MarginContainer/CenterContainer/tracks/3/panel"]
margin_right = 2267.0
margin_bottom = 2267.0
rect_scale = Vector2( 0.0663917, 0.0663917 )
texture = ExtResource( 4 )
expand = true
__meta__ = {
"_edit_use_anchors_": false
}

[node name="4" type="CenterContainer" parent="MarginContainer/CenterContainer/tracks"]
margin_left = 770.0
margin_right = 920.0
margin_bottom = 160.0

[node name="select" type="ColorRect" parent="MarginContainer/CenterContainer/tracks/4"]
visible = false
margin_left = -5.0
margin_right = 155.0
margin_bottom = 160.0
rect_min_size = Vector2( 160, 160 )

[node name="panel" type="Panel" parent="MarginContainer/CenterContainer/tracks/4"]
margin_top = 5.0
margin_right = 150.0
margin_bottom = 155.0
rect_min_size = Vector2( 150, 150 )
size_flags_horizontal = 0
size_flags_vertical = 0
custom_styles/panel = SubResource( 2 )

[node name="TextureRect" type="TextureRect" parent="MarginContainer/CenterContainer/tracks/4/panel"]
margin_right = 2267.0
margin_bottom = 2267.0
rect_scale = Vector2( 0.0663917, 0.0663917 )
texture = ExtResource( 5 )
expand = true
__meta__ = {
"_edit_use_anchors_": false
}
